% Encoding: UTF-8

@InProceedings{Gartner18,
  author    = {Gartner, Nicolas and Richier, Mathieu and Hugel, Vincent},
  title     = {Hydrodynamics parameter identification of submerged bodies: numerical methods comparison and friction model analysis},
  booktitle = {IEEE/RSJ International Conference on Intelligent Robots and Systems (IROS)},
  year      = {2018},
  address   = {Madrid, Spain},
  month     = oct,
  doi       = {10.1109/IROS.2018.8593770},
}

@InProceedings{Gartner2019,
  author    = {Nicolas Gartner and Niels Montanari and Mathieu Richier and Vincent Hugel and Ramprasad Sampath},
  title     = {Towards real-time simulation of physically realistic pressure applied to submerged bodies using explicit and semi-implicit {SPH} algorithms},
  booktitle = {{OCEANS} 2019 - Marseille},
  year      = {2019},
  month     = {jun},
  publisher = {{IEEE}},
  doi       = {10.1109/oceanse.2019.8867480},
}

@Comment{jabref-meta: databaseType:bibtex;}

%% end of file `publications.bib'.
